@IEEEtranBSTCTL{bstctl:etal,
  CTLuse_forced_etal = {no},
}

@IEEEtranBSTCTL{bstctl:nodash,
  CTLdash_repeated_names = {no},
}

@IEEEtranBSTCTL{bstctl:simpurl,
  CTLname_url_prefix = {Available: },
}

@inproceedings{Sampson,
 author = {Sampson, Adrian and Nelson, Jacob and Strauss, Karin and Ceze, Luis},
 title = {Approximate Storage in Solid-state Memories},
 booktitle = {Proceedings of the 46th Annual IEEE/ACM International Symposium on Microarchitecture},
 series = {MICRO-46},
 year = {2013},
 isbn = {978-1-4503-2638-4},
 location = {Davis, California},
 pages = {25--36},
 numpages = {12},
 url = {http://doi.acm.org/10.1145/2540708.2540712},
 doi = {10.1145/2540708.2540712},
 acmid = {2540712},
 publisher = {ACM},
 address = {New York, NY, USA},
 keywords = {approximate computing, error tolerance, phase-change memory, storage},
} 


@MISC{Rinard_patternsand,
    author = {Martin Rinard and Henry Hoffmann and Stelios Sidiroglou and Sasa Misailovic},
    title = {Patterns and Statistical Analysis for Understanding Reduced Resource Computing},
    year = {}
}

@INPROCEEDINGS{hogwild,
    author = {Feng Niu and Benjamin Recht and Christopher RÃ© and Stephen J. Wright},
    title = {Hogwild: A Lock-Free Approach to Parallelizing Stochastic Gradient Descent},
    booktitle = {In NIPS},
    year = {2011}
}


@article{stonebraker2013voltdb,
  title="{The VoltDB Main Memory DBMS.}",
  author={Stonebraker, Michael and Weisberg, Ariel},
  journal={IEEE Data Eng. Bull.},
  volume={36},
  number={2},
  pages={21--27},
  year={2013}
}

@inproceedings{seshadri2014dirty,
  title="{The Dirty-Block Index}",
  author={Seshadri, Vivek and Bhowmick, Abhishek and Mutlu, Onur and Gibbons, Phillip B and Kozuch, Michael A and Mowry, Todd C},
  booktitle={Computer Architecture (ISCA), 2014 ACM/IEEE 41st International Symposium on},
  year={2014},
  organization={IEEE}
}

@inproceedings{Ipek2008,
  title="{Self-optimizing memory controllers: A reinforcement learning approach}",
  author={Ipek, Engin and Mutlu, Onur and Martinez, O},
  booktitle={Computer Architecture (ISCA), 2008 ACM/IEEE International Symposium on},
  year={2008},
  organization={IEEE}
}


@inproceedings{Ani2010,
  title="{Rethinking DRAM Design and Organization for Energy-Constrained Multi-Cores}",
  author={Udipi, Anniruddha and Muralimanohar, Naveen and Balasubramonian, Rajeev},
  booktitle={Computer Architecture (ISCA), 2010 ACM/IEEE International Symposium on},
  year={2010},
  organization={IEEE}
}
@inproceedings{black3dstack,
  title="{Die stacking (3D) microarchitecture}",
  author={Black, B et al.},
  booktitle= {International Symposium on Microarchitecture},
  year={2009},
  organization={IEEE}
}
@inproceedings{Turbo,
  title="{TurboTag: Lookup Filtering to Reduce Coherence Directory Power}",
  author={Lotfi-Kamran, Pejman and Ferdman, Michael and Crisan, Daniel and Falsafi, Babak},
    booktitle={ Proceedings of the 16th ACM/IEEE international symposium on Low power electronics and design},
  pages={377-382},
  year={2010},
  organization={ACM}
}

@inproceedings{SCD,
  title="{SCD: A scalable coherence directory with flexible sharer set encoding}",
  author={Sanchez, Daniel and Kozyrakis, Christos},
    booktitle={ Proceedings of the 18th IEEE international symposium on High Performance Computer Architecture},
  year={2012},
  organization={IEEE}
}

@inproceedings{Coarse-grain,
  title="{Improving Multiprocessor Performance with Coarse-Grain Coherence Tracking
}",
  author={Cantin, Jason and Lipasti, Mikko and Smith, James},
    booktitle={Proceedings of the 32nd annual international symposium on Computer Architecture},
  pages={245-257},
  year={2005},
  organization={IEEE}
}

@inproceedings{HSC,
  title="{Heterogeneous system coherence for integrated CPU-GPU systems}",
  author={Power, Jason and Basu, Arkaprava and Gu, Junli and Hill, Mark and Wood, David},
    booktitle={Proceedings of the 46th Annual IEEE/ACM International Symposium on Microarchitecture},
  pages={457-467},
  year={2013},
  organization={IEEE/ACM}
} 

@inproceedings{SCT,
  title="{Spatiotemporal Coherence Tracking}",
  author={Safaee, Ali },
    booktitle={Proceedings of the 45th Annual IEEE/ACM International Symposium on Microarchitecture},
  pages={341-350},
  year={2012},
  organization={IEEE/ACM}
}


@inproceedings{streamRegister,
  title="{Improving the accuracy of snoop filtering using stream registers}",
  author={Salapura, V },
    booktitle={Proceedings of the workshop on MEmory performance: DEaling with Applications, systems and architecture},
  year={2007}
}

@inproceedings{multi-grain,
  title="{
Multi-grain coherence directories}",
  author={Zebchuk, Jason and Falsafi, Babak and Moshovos, Andreas},
    booktitle={Proceedings of the 46th Annual IEEE/ACM International Symposium on Microarchitecture},
  pages={359-370},
  year={2013},
  organization={IEEE/ACM}
} 

@inproceedings{RDD,
  title="{Resilient Distributed Datasets: A Fault-Tolerant Abstraction for In-Memory Cluster Computing
}",
  author={Zaharia, M and Chowdhury, M and Das, T},
    booktitle={Proceedings of NSDI},
  year={2012},
  organization={IEEE/ACM}
} 

@article{kallman2008h,
  title="{H-store: a high-performance, distributed main memory transaction processing system}",
  author={Kallman, Robert and Kimura, Hideaki and Natkins, Jonathan and Pavlo, Andrew and Rasin, Alexander and Zdonik, Stanley and Jones, Evan PC and Madden, Samuel and Stonebraker, Michael and Zhang, Yang and others},
  journal={Proceedings of the VLDB Endowment},
  volume={1},
  number={2},
  pages={1496--1499},
  year={2008},
  publisher={VLDB Endowment}
}


@misc{Oracle,
  title={Oracle database in-memory},
  url={http://www.oracle.com/us/corporate/features/database-in-memory-option/index.html}
}

@misc{SAP,
  title={SAP database in-memory},
  url={http://www.sap.com/pc/technology/in-memory-computing-platform.html}
}

@misc{SAS,
  title={SAS database in-memory},
  url={http://www.sas.com}
}
@article{fitzpatrick2004distributed,
  title={Distributed caching with memcached},
  author={Fitzpatrick, Brad},
  journal={Linux journal},
  volume={2004},
  number={124},
  pages={5},
  year={2004},
  publisher={Belltown Media}
}

@misc{sanfilippo2009redis,
  title={Redis},
  author={Sanfilippo, Salvatore and Noordhuis, Pieter},
  url={http://redis.io},
  year={2009}
}

@misc{Perf,
  title={Perf},
  url={https://perf.wiki.kernel.org/index.php/Main_Page}
}

@misc{OLTP,
  title={Online Transaction Processing},
  url={http://en.wikipedia.org/wiki/Online_transaction_processing}
}


@misc{QEMU,
title={QEMU},
url={https://www.qemu.org}
}

@misc{OProfile,
title={OProfile},
url={https://oprofile.sourceforge.net}
}

@article{wulf1995hitting,
  title={Hitting the memory wall: implications of the obvious},
  author={Wulf, Wm A and McKee, Sally A},
  journal={ACM SIGARCH computer architecture news},
  volume={23},
  number={1},
  pages={20--24},
  year={1995},
  publisher={ACM}
}

@inproceedings{mao2012cache,
  title={Cache craftiness for fast multicore key-value storage},
  author={Mao, Yandong and Kohler, Eddie and Morris, Robert Tappan},
  booktitle={Proceedings of the 7th ACM european conference on Computer Systems},
  pages={183--196},
  year={2012},
  organization={ACM}
}

@article{GEM5,
  title={The gem5 simulator},
  author={Binkert, N. and Beckman, B. and Saidi, A. and Black, G. and Basu, A.},
  journal={ACM SIGARCH Computer Architecture News},
  year={2011},
  publisher={ACM SIGARCH Computer Architecture News}
}

@inproceedings{jeddeloh2012hybrid,
  title="{Hybrid memory cube new DRAM architecture increases density and performance}",
  author={Jeddeloh, Joe and Keeth, Brent},
  booktitle={VLSI Technology (VLSIT), 2012 Symposium on},
  pages={87--88},
  year={2012},
  organization={IEEE}
}

@article{stone1970logic,
  title="{A logic-in-memory computer}",
  author={Stone, Harold S},
  journal={Computers, IEEE Transactions on},
  volume={100},
  number={1},
  pages={73--78},
  year={1970},
  publisher={IEEE}
}

@article{shaw1981non,
  title="{The NON-VON database machine: A brief overview}",
  author={Shaw, David Elliot and Stolfo, Salvatore J. and Ibrahim, Hussein and Hillyer, Bruce and Wiederhold, Gio and Andrews, JA},
  journal={IEEE Database Eng. Bull.},
  volume={4},
  number={2},
  pages={41--52},
  year={1981}
}

@inproceedings{facchini2009system,
  title={System-level power/performance evaluation of 3D stacked DRAMs for mobile applications},
  author={Facchini, Marco and Carlson, Trevor and Vignon, Anselme and Palkovic, Martin and Catthoor, Francky and Dehaene, Wim and Benini, Luca and Marchal, Paul},
  booktitle={Proceedings of the Conference on Design, Automation and Test in Europe},
  pages={923--928},
  year={2009},
  organization={European Design and Automation Association}
}

@inproceedings{elliott1992computational,
  title="{Computational RAM: A memory-SIMD hybrid and its application to DSP}",
  author={Elliott, Duncan G and Snelgrove, W Martin and Stumm, Michael},
  booktitle={Custom Integrated Circuits Conference},
  volume={30},
  pages={1--30},
  year={1992},
  organization={Citeseer}
}

@article{patterson1997case,
  title="{A case for intelligent RAM}",
  author={Patterson, David and Anderson, Thomas and Cardwell, Neal and Fromm, Richard and Keeton, Kimberly and Kozyrakis, Christoforos and Thomas, Randi and Yelick, Katherine},
  journal={Micro, IEEE},
  volume={17},
  number={2},
  pages={34--44},
  year={1997},
  publisher={IEEE}
}

@article{gokhale1995processing,
  title="{Processing in memory: The Terasys massively parallel PIM array}",
  author={Gokhale, Maya and Holmes, Bill and Iobst, Ken},
  journal={Computer},
  volume={28},
  number={4},
  pages={23--31},
  year={1995},
  publisher={IEEE}
}


@inproceedings{kogge1994execube,
  title="{EXECUBE-A new architecture for scaleable MPPs}",
  author={Kogge, Peter M},
  booktitle={Parallel Processing, 1994. Vol. 1. ICPP 1994. International Conference on},
  volume={1},
  pages={77--84},
  year={1994},
  organization={IEEE}
}

@book{oskin1998active,
  title="{Active pages: a computation model for intelligent memory}",
  author={Oskin, Mark and Chong, Frederic T and Sherwood, Timothy},
  volume={26},
  number={3},
  year={1998},
  publisher={IEEE Computer Society}
}

@inproceedings{kang2012flexram,
  title="{FlexRAM: Toward an advanced intelligent memory system}",
  author={Kang, Yi and Huang, Wei and Yoo, Seung-Moon and Keen, Diana and Ge, Zhenzhou and Lam, Vinh and Pattnaik, Pratap and Torrellas, Josep},
  booktitle={Computer Design (ICCD), 2012 IEEE 30th International Conference on},
  pages={5--14},
  year={2012},
  organization={IEEE}
}

@inproceedings{seshadri2013rowclone,
  title="{Rowclone: Fast and energy-efficient in-DRAM bulk data copy and initialization}",
  author={Seshadri, Vivek and Kim, Yoongu and Fallin, Chris and Lee, Donghyuk and Ausavarungnirun, Rachata and Pekhimenko, Gennady and Luo, Yixin and Mutlu, Onur and Gibbons, Phillip B and Kozuch, Michael A and others},
  booktitle={Proceedings of the 46th Annual IEEE/ACM International Symposium on Microarchitecture},
  pages={185--197},
  year={2013},
  organization={ACM}
}

@book{mai2000smart,
  title="{Smart memories: A modular reconfigurable architecture}",
  author={Mai, Ken and Paaske, Tim and Jayasena, Nuwan and Ho, Ron and Dally, William J and Horowitz, Mark},
  volume={28},
  number={2},
  year={2000},
  publisher={ACM}
}

@inproceedings{mutlu2013memory,
  title="{Memory scaling: A systems architecture perspective}",
  author={Mutlu, Onur},
  booktitle={Memory Workshop (IMW), 2013 5th IEEE International},
  pages={21--25},
  year={2013},
  organization={IEEE}
}

@inproceedings{zhang2013new,
  title={A new perspective on processing-in-memory architecture design},
  author={Zhang, Dong Ping and Jayasena, Nuwan and Lyashevsky, Alexander and Greathouse, Joseph and Meswani, Mitesh and Nutter, Mark and Ignatowski, Mike},
  booktitle={Proceedings of the ACM SIGPLAN Workshop on Memory Systems Performance and Correctness},
  pages={7},
  year={2013},
  organization={ACM}
}

@inproceedings{loh2013processing,
  title="{A Processing in Memory Taxonomy and a Case for Studying Fixed-function PIM}",
  author={Loh, Gabriel H. and Jayasena, Nuwan and Oskin, Mark and Nutter, Mark and Roberts, David and Meswani, Mitesh and Zhang, Dong Ping and Ignatowski, Mike},
  booktitle={the 1st Workshop on Near-Data Processing (WoNDP)},
  year={2013},
  organization={IEEE}
}


@article{keckler2011gpus,
  title="{GPUs and the future of parallel computing}",
  author={Keckler, Stephen W and Dally, William J and Khailany, Brucek and Garland, Michael and Glasco, David},
  journal={Micro, IEEE},
  volume={32},
  number={5},
  pages={7--17},
  year={2011},
  publisher={IEEE}
}

@inproceedings{phillips2014m7,
  title="{M7: next generation SPARC}",
  author={Phillips, Stephen},
  booktitle={Hot Chips 26, Cupertino, CA},
  year={2014},
}




@inproceedings{ailamaki1999dbmss,
  title="{DBMSs on a modern processor: Where does time go?}",
  author={Ailamaki, Anastassia and DeWitt, David J and Hill, Mark D and Wood, David A},
  booktitle={VLDB" 99, Proceedings of 25th International Conference on Very Large Data Bases, September 7-10, 1999, Edinburgh, Scotland, UK},
  number={DIAS-CONF-1999-001},
  pages={266--277},
  year={1999}
}

@inproceedings{lee2013tiered,
  title="{Tiered-latency DRAM: A low latency and low cost DRAM architecture}",
  author={Lee, Donghyuk and Kim, Yoongu and Seshadri, Vivek and Liu, Jamie and Subramanian, Lavanya and Mutlu, Onur},
  booktitle={High Performance Computer Architecture (HPCA2013), 2013 IEEE 19th International Symposium on},
  pages={615--626},
  year={2013},
  organization={IEEE}
}

@article{barroso2009datacenter,
  title="{The datacenter as a computer: An introduction to the design of warehouse-scale machines}",
  author={Barroso, Luiz Andr{\'e} and H{\"o}lzle, Urs},
  journal={Synthesis lectures on computer architecture},
  volume={4},
  number={1},
  pages={1--108},
  year={2009},
  publisher={Morgan \& Claypool Publishers}
}

@inproceedings{lim2008understanding,
  title={Understanding and designing new server architectures for emerging warehouse-computing environments},
  author={Lim, Kevin and Ranganathan, Parthasarathy and Chang, Jichuan and Patel, Chandrakant and Mudge, Trevor and Reinhardt, Steven},
  booktitle={Computer Architecture, 2008. ISCA'08. 35th International Symposium on},
  pages={315--326},
  year={2008},
  organization={IEEE}
}

@inproceedings{kocberber2013meet,
  title="{Meet the walkers: Accelerating index traversals for in-memory databases}",
  author={Kocberber, Onur and Grot, Boris and Picorel, Javier and Falsafi, Babak and Lim, Kevin and Ranganathan, Parthasarathy},
  booktitle={Proceedings of the 46th Annual IEEE/ACM International Symposium on Microarchitecture},
  pages={468--479},
  year={2013},
  organization={ACM}
}

@article{idreos2012monetdb,
  title="{MonetDB: Two decades of research in column-oriented database architectures}",
  author={Idreos, Stratos and Groffen, Fabian and Nes, Niels and Manegold, Stefan and Mullender, Sjoerd and Kersten, Martin},
  journal={Bulletin of the IEEE Computer Society Technical Committee on Data Engineering},
  volume={35},
  number={1},
  pages={40--45},
  year={2012}
}

@inproceedings{wu2014q100,
  title="{Q100: the architecture and design of a database processing unit}",
  author={Wu, Lisa and Lottarini, Andrea and Paine, Timothy K and Kim, Martha A and Ross, Kenneth A},
  booktitle={Proceedings of the 19th international conference on Architectural support for programming languages and operating systems},
  pages={255--268},
  year={2014},
  organization={ACM}
}

@article{council2005transaction,
  title={Transaction processing performance council},
  journal={Web Site, http://www. tpc. org},
  year={2005}
}

@inproceedings{wu2013navigating,
  title="{Navigating big data with high-throughput, energy-efficient data partitioning}",
  author={Wu, Lisa and Barker, Raymond J and Kim, Martha A and Ross, Kenneth A},
  booktitle={Proceedings of the 40th Annual International Symposium on Computer Architecture},
  pages={249--260},
  year={2013},
  organization={ACM}
}

@book{bruni2012optimizing,
  title="{Optimizing Db2 Queries with Ibm Db2 Analytics Accelerator for Z/os}",
  author={Bruni, Paolo and Becker, Patric and Favero, Willie and Kalyanasundaram, Ravikumar and Keenan, Andrew and Knoll, Steffen and Lei, Nin and Molaro, Cristian and Prem, PS and others},
  year={2012},
  publisher={IBM Redbooks}
}


@inproceedings{harizopoulos2008oltp,
  title="{OLTP through the looking glass, and what we found there}",
  author={Harizopoulos, Stavros and Abadi, Daniel J and Madden, Samuel and Stonebraker, Michael},
  booktitle={Proceedings of the 2008 ACM SIGMOD international conference on Management of data},
  pages={981--992},
  year={2008},
  organization={ACM}
}

@inproceedings{basu2013efficient,
  title="{Efficient virtual memory for big memory servers}",
  author={Basu, Arkaprava and Gandhi, Jayneel and Chang, Jichuan and Hill, Mark D and Swift, Michael M},
  booktitle={Proceedings of the 40th Annual International Symposium on Computer Architecture},
  pages={237--248},
  year={2013},
  organization={ACM}
}

@article{buell2013methodology,
  title="{Methodology for Performance Analysis of VMware vSphere under Tier-1 Applications}",
  author={Buell, Jeffrey and Hecht, Daniel and Heo, Jin and Saladi, Kalyan and Taheri, H Reza},
  journal={VMWARE TECHNICAL JOURNAL},
  pages={19}
}

@misc{sathaye2009structure,
  title="{Structure for a memory-centric page table walker}",
  author={Sathaye, S.W. and Davis, G.T.},
  url={http://www.google.com/patents/US20090158003},
  year={2009},
  month=jun # "~18",
  publisher={Google Patents},
  note={US Patent App. 12/109,671}
}

@inproceedings{akin2014hamlet,
  title="{HAMLeT: Hardware Accelerated Memory Layout Transform within 3D-stacked DRAM}",
  author={Ak{\i}n, Berkin and Hoe, James C and Franchetti, Franz},
  booktitle={High Performance Extreme Computing Conference (HPEC)},
  year={2014},
  organization={IEEE}
}

@article{lehman1981efficient,
  title="{Efficient locking for concurrent operations on B-trees}",
  author={Lehman, Philip L and others},
  journal={ACM Transactions on Database Systems (TODS)},
  volume={6},
  number={4},
  pages={650--670},
  year={1981},
  publisher={ACM}
}

@ARTICLE{DRAMSim2,
author={Rosenfeld, P. and Cooper-Balis, E. and Jacob, B.},
journal={Computer Architecture Letters}, 
title="{DRAMSim2: A Cycle Accurate Memory System Simulator}",
year={2011},
month={jan.-june },
volume={10},
number={1},
pages={16 -19},
keywords={DDR2/3 memory system model;DRAMSim2 simulation;DRAMSim2 timing;Verilog model;cycle accurate memory system simulator;trace-based simulation;visualization tool;DRAM chips;memory architecture;memory cards;},
doi={10.1109/L-CA.2011.4},
ISSN={1556-6056}
}

@book{carey1994shoring,
  title={Shoring up persistent applications},
  author={Carey, Michael J and DeWitt, David J and Franklin, Michael J and Hall, Nancy E and McAuliffe, Mark L and Naughton, Jeffrey F and Schuh, Daniel T and Solomon, Marvin H and Tan, CK and Tsatalos, Odysseas G and others},            
  volume={23},
  number={2},
  year={1994},
  publisher={ACM}
}

@article{yustaring,
  title="{Staring into the Abyss: An Evaluation of Concurrency Control with One Thousand Cores}",
  author={Yu, Xiangyao and Bezerra, George and Pavlo, Andrew and Devadas, Srinivas and Stonebraker, Michael},
  journal={Proceedings of the VLDB Endowment},
  volume={8},
  number={3},
  year={2014},
  publisher={VLDB Endowment}
}
